<?xml version="1.0" encoding="UTF-8"?><collection xmlns="http://www.loc.gov/MARC21/slim"><record><leader>00548nam--2200181-i-4500</leader><controlfield tag="001">000028241</controlfield><controlfield tag="002">20161230</controlfield><controlfield tag="005">20161230201037</controlfield><controlfield tag="008">060222s1000------------r-----000-0-eng-d</controlfield><datafield ind1=" " ind2=" " tag="040"><subfield code="a">IFIN-HH</subfield></datafield><datafield ind1=" " ind2=" " tag="080"><subfield code="a">535.338.3</subfield></datafield><datafield ind1="1" ind2=" " tag="100"><subfield code="a">Kuba, J</subfield></datafield><datafield ind1="1" ind2="0" tag="245"><subfield code="a">Koincidencni tabulky atomove spektroskopie</subfield><subfield code="c">Josef kuba, ludvik kucera, frantisek plzak, miroslav dvorak, jan mraz</subfield></datafield><datafield ind1=" " ind2=" " tag="260"><subfield code="a">Praha</subfield><subfield code="b">Nakladatelstvi Ceskoslovenske Akademie Ved</subfield><subfield code="c">1964</subfield></datafield><datafield ind1=" " ind2=" " tag="300"><subfield code="a">XXXI + 1136P</subfield></datafield><datafield ind1="1" ind2=" " tag="700"><subfield code="a">Mraz, Jan</subfield></datafield><datafield ind1=" " ind2=" " tag="852"><subfield code="a">22926</subfield><subfield code="c">53.081</subfield></datafield><datafield ind1=" " ind2=" " tag="CAT"><subfield code="a">Sys</subfield><subfield code="c">20160329</subfield><subfield code="h">092743</subfield></datafield></record></collection>